@article{BakerGillSolovay1975,
  author  = {Theodore Baker and John Gill and Robert Solovay},
  title   = {Relativizations of the {P}=?{NP} Question},
  journal = {SIAM Journal on Computing},
  year    = {1975},
  volume  = {4},
  number  = {4},
  pages   = {431--442}
}

@inproceedings{RazborovRudich1997,
  author    = {Alexander A. Razborov and Steven Rudich},
  title     = {Natural Proofs},
  booktitle = {Proceedings of the Twenty-Eighth Annual ACM Symposium on Theory of Computing (STOC)},
  year      = {1997},
  pages     = {204--213},
  publisher = {ACM}
}

% Duplicates consolidated; keep a single canonical entry

@article{CookReckhow1979,
  author  = {Stephen A. Cook and Robert A. Reckhow},
  title   = {The Relative Efficiency of Propositional Proof Systems},
  journal = {Journal of Symbolic Logic},
  year    = {1979},
  volume  = {44},
  number  = {1},
  pages   = {36--50}
}

@misc{Huseynzade2025,
  author       = {Rafig Huseynzade},
  title        = {Structurally-Aware Turing Machines: Transcending Complexity Barriers},
  year         = {2025},
  howpublished = {GitHub repository},
  url          = {https://github.com/Acloyer/SA-TM},
  note         = {SA-TM (oracle model) preprint on GitHub}
}

@article{BenSasson01,
  author = {E. Ben-Sasson and A. Wigderson},
  title = {Short proofs are narrow--resolution made simple},
  journal = {J. ACM},
  volume = {48},
  number = {2},
  pages = {149--169},
  year = {2001}
}

@inproceedings{Raz04,
  author = {R. Raz},
  title = {Multilinear-$NC_1 \neq NC_2$},
  booktitle = {FOCS},
  pages = {344--351},
  year = {2004}
}

@article{Sherstov11,
  author = {A. Sherstov},
  title = {The pattern matrix method},
  journal = {SIAM J. Comput.},
  volume = {40},
  number = {6},
  pages = {1969--2000},
  year = {2011}
}

@article{Impagliazzo95,
  author = {R. Impagliazzo},
  title = {A personal view of average-case complexity},
  journal = {Proceedings of STOC},
  pages = {134--147},
  year = {1995}
}

@inproceedings{Impagliazzo01,
  author = {R. Impagliazzo},
  title = {Relativized separations of worst-case and average-case complexities},
  booktitle = {Proceedings of CCC},
  pages = {108--117},
  year = {2001}
}

@inproceedings{Impagliazzo02,
  author = {R. Impagliazzo and A. Wigderson},
  title = {Derandomizing the polynomial hierarchy if BPP has subexponential circuits},
  booktitle = {Proceedings of STOC},
  pages = {191--200},
  year = {2002}
}

@inproceedings{Kabanets03,
  author = {V. Kabanets and R. Impagliazzo},
  title = {Derandomizing polynomial identity tests means proving circuit lower bounds},
  booktitle = {Proceedings of STOC},
  pages = {355--364},
  year = {2003}
}

@article{Heintz80,
  author = {J. Heintz and M. Sieveking},
  title = {Lower bounds for polynomials with algebraic coefficients},
  journal = {Theor. Comput. Sci.},
  volume = {11},
  number = {3},
  pages = {321--330},
  year = {1980}
}

@article{Strassen73,
  author = {V. Strassen},
  title = {Vermeidung von Divisionen},
  journal = {J. Reine Angew. Math.},
  volume = {264},
  pages = {184--202},
  year = {1973}
}

@inproceedings{Valiant79,
  author = {L. G. Valiant},
  title = {Completeness classes in algebra},
  booktitle = {Proceedings of STOC},
  pages = {249--261},
  year = {1979}
}

@article{Valiant84,
  author = {L. G. Valiant},
  title = {A theory of the learnable},
  journal = {Commun. ACM},
  volume = {27},
  number = {11},
  pages = {1134--1142},
  year = {1984}
}

@article{BlumShub86,
  author = {L. Blum and M. Shub and S. Smale},
  title = {On a theory of computation and complexity over the real numbers: NP-completeness, recursive functions and universal machines},
  journal = {Bull. Amer. Math. Soc.},
  volume = {21},
  number = {1},
  pages = {1--46},
  year = {1986}
}

@article{BlumShub89,
  author = {L. Blum and M. Shub and S. Smale},
  title = {On a theory of computation over the real numbers},
  journal = {Notices Amer. Math. Soc.},
  volume = {35},
  number = {1},
  pages = {1--46},
  year = {1989}
}

@article{Cucker92,
  author = {F. Cucker and S. Smale},
  title = {On the mathematical foundations of learning},
  journal = {Bull. Amer. Math. Soc.},
  volume = {39},
  number = {1},
  pages = {1--49},
  year = {2002}
}

@book{Burgisser97,
  author = {P. B{\"u}rgisser and M. Clausen and M. A. Shokrollahi},
  title = {Algebraic Complexity Theory},
  publisher = {Springer},
  year = {1997}
}

@book{Burgisser09,
  author = {P. B{\"u}rgisser},
  title = {Completeness and Reduction in Algebraic Complexity Theory},
  publisher = {Springer},
  year = {2009}
}

@article{Shpilka09,
  author = {A. Shpilka and A. Yehudayoff},
  title = {Arithmetic circuits: A survey of recent results and open questions},
  journal = {Foundations and Trends in Theoretical Computer Science},
  volume = {5},
  number = {3-4},
  pages = {207--388},
  year = {2009}
}

@misc{Saptharishi14,
  author = {R. Saptharishi},
  title = {A survey of lower bounds in arithmetic circuit complexity},
  howpublished = {GitHub Survey},
  year = {2014}
}

@book{AroraBarak09,
  author = {S. Arora and B. Barak},
  title = {Computational Complexity: A Modern Approach},
  publisher = {Cambridge University Press},
  year = {2009}
}

@book{Papadimitriou94,
  author = {C. H. Papadimitriou},
  title = {Computational Complexity},
  publisher = {Addison-Wesley},
  year = {1994}
}

@book{Sipser12,
  author = {M. Sipser},
  title = {Introduction to the Theory of Computation},
  publisher = {Cengage Learning},
  year = {2012}
}

@book{HopcroftUllman79,
  author = {J. E. Hopcroft and J. D. Ullman},
  title = {Introduction to Automata Theory, Languages, and Computation},
  publisher = {Addison-Wesley},
  year = {1979}
}

@book{Kozen06,
  author = {D. Kozen},
  title = {Theory of Computation},
  publisher = {Springer},
  year = {2006}
}

@book{LewisPapadimitriou81,
  author = {H. R. Lewis and C. H. Papadimitriou},
  title = {Elements of the Theory of Computation},
  publisher = {Prentice-Hall},
  year = {1981}
}

@book{Savage98,
  author = {J. E. Savage},
  title = {Models of Computation: Exploring the Power of Computing},
  publisher = {Addison-Wesley},
  year = {1998}
}

@book{DuKo00,
  author = {D. Du and K. Ko},
  title = {Theory of Computational Complexity},
  publisher = {Wiley},
  year = {2000}
}

@book{Balcazar88,
  author = {J. L. Balc{\'a}zar and J. D{\'{\i}}az and J. Gabarr{\'o}},
  title = {Structural Complexity I},
  publisher = {Springer},
  year = {1988}
}

@book{Balcazar90,
  author = {J. L. Balc{\'a}zar and J. D{\'{\i}}az and J. Gabarr{\'o}},
  title = {Structural Complexity II},
  publisher = {Springer},
  year = {1990}
}

@book{Balcazar92,
  author = {J. L. Balc{\'a}zar and J. D{\'{\i}}az and J. Gabarr{\'o}},
  title = {Structural Complexity III},
  publisher = {Springer},
  year = {1992}
}

@book{Goldreich08,
  author = {O. Goldreich},
  title = {Computational Complexity: A Conceptual Perspective},
  publisher = {Cambridge University Press},
  year = {2008}
}

@book{Goldreich01,
  author = {O. Goldreich},
  title = {Foundations of Cryptography: Basic Tools},
  publisher = {Cambridge University Press},
  year = {2001}
}

@book{Goldreich04,
  author = {O. Goldreich},
  title = {Foundations of Cryptography: Basic Applications},
  publisher = {Cambridge University Press},
  year = {2004}
}

@book{KatzLindell14,
  author = {J. Katz and Y. Lindell},
  title = {Introduction to Modern Cryptography},
  publisher = {CRC Press},
  year = {2014}
}

@misc{BellareRogaway05,
  author = {M. Bellare and P. Rogaway},
  title = {Introduction to modern cryptography},
  howpublished = {UCSD Course Notes},
  year = {2005}
}

@inproceedings{Rogaway04,
  author = {P. Rogaway},
  title = {Nonce-based symmetric encryption},
  booktitle = {Proceedings of FSE},
  pages = {348--358},
  year = {2004}
}

@inproceedings{Bellare96,
  author = {M. Bellare and R. Canetti and H. Krawczyk},
  title = {Keying hash functions for message authentication},
  booktitle = {Proceedings of CRYPTO},
  pages = {1--15},
  year = {1996}
}

@inproceedings{Bellare97,
  author = {M. Bellare and P. Rogaway},
  title = {Optimal asymmetric encryption},
  booktitle = {Proceedings of EUROCRYPT},
  pages = {92--111},
  year = {1997}
}

@inproceedings{Canetti01,
  author = {R. Canetti},
  title = {Universally composable security: A new paradigm for cryptographic protocols},
  booktitle = {Proceedings of FOCS},
  pages = {136--145},
  year = {2001}
}

@article{Goldwasser82,
  author = {S. Goldwasser and S. Micali},
  title = {Probabilistic encryption},
  journal = {J. Comput. Syst. Sci.},
  volume = {28},
  number = {2},
  pages = {270--299},
  year = {1984}
}

@article{Goldwasser89,
  author = {S. Goldwasser and S. Micali and C. Rackoff},
  title = {The knowledge complexity of interactive proof systems},
  journal = {SIAM J. Comput.},
  volume = {18},
  number = {1},
  pages = {186--208},
  year = {1989}
}

@article{Goldreich91,
  author = {O. Goldreich and S. Micali and A. Wigderson},
  title = {Proofs that yield nothing but their validity or all languages in NP have zero-knowledge proof systems},
  journal = {J. ACM},
  volume = {38},
  number = {3},
  pages = {690--728},
  year = {1991}
}

@inproceedings{BenOr86,
  author = {M. Ben-Or and S. Goldwasser and J. Kilian and A. Wigderson},
  title = {Multi-prover interactive proofs: How to remove intractability assumptions},
  booktitle = {Proceedings of STOC},
  pages = {113--131},
  year = {1988}
}

@article{Lund92,
  author = {C. Lund and L. Fortnow and H. Karloff and N. Nisan},
  title = {Algebraic methods for interactive proof systems},
  journal = {J. ACM},
  volume = {39},
  number = {4},
  pages = {859--868},
  year = {1992}
}

@article{Shamir92,
  author = {A. Shamir},
  title = {IP = PSPACE},
  journal = {J. ACM},
  volume = {39},
  number = {4},
  pages = {869--877},
  year = {1992}
}

@inproceedings{Babai85,
  author = {L. Babai},
  title = {Trading group theory for randomness},
  booktitle = {Proceedings of STOC},
  pages = {421--429},
  year = {1985}
}

@article{Babai91,
  author = {L. Babai and S. Moran},
  title = {Arthur-Merlin games: A randomized proof system, and a hierarchy of complexity classes},
  journal = {J. Comput. Syst. Sci.},
  volume = {36},
  number = {2},
  pages = {254--276},
  year = {1988}
}

@inproceedings{Fortnow87,
  author = {L. Fortnow},
  title = {The complexity of perfect zero-knowledge},
  booktitle = {Proceedings of STOC},
  pages = {204--209},
  year = {1987}
}

@phdthesis{Fortnow89,
  author = {L. Fortnow},
  title = {Complexity-theoretic aspects of interactive proof systems},
  school = {MIT},
  year = {1989}
}

@article{Fortnow94,
  author = {L. Fortnow and M. Sipser},
  title = {Are there interactive protocols for co-NP languages?},
  journal = {Information Processing Letters},
  volume = {28},
  number = {5},
  pages = {249--251},
  year = {1988}
}

@inproceedings{Fortnow95,
  author = {L. Fortnow and J. Rompel},
  title = {One-sided versus two-sided error in probabilistic computation},
  booktitle = {Proceedings of STOC},
  pages = {468--475},
  year = {1995}
}

@article{Fortnow97,
  author = {L. Fortnow and A. R. Klivans},
  title = {Efficient learning algorithms yield circuit lower bounds},
  journal = {J. Comput. Syst. Sci.},
  volume = {75},
  number = {1},
  pages = {27--36},
  year = {2009}
}

@article{Fortnow00,
  author = {L. Fortnow and S. Homer},
  title = {A short history of computational complexity},
  journal = {Bull. EATCS},
  volume = {80},
  pages = {95--133},
  year = {2003}
}

@book{Fortnow13,
  author = {L. Fortnow},
  title = {The Golden Ticket: P, NP, and the Search for the Impossible},
  publisher = {Princeton University Press},
  year = {2013}
}

@book{GareyJohnson79,
  author = {M. R. Garey and D. S. Johnson},
  title = {Computers and Intractability: A Guide to the Theory of NP-Completeness},
  publisher = {W. H. Freeman},
  year = {1979}
}

@inproceedings{Karp75,
  author = {R. M. Karp},
  title = {On the complexity of combinatorial problems: Recent results and new directions},
  booktitle = {Proceedings of IFIP Congress},
  pages = {1--15},
  year = {1974}
}

@inproceedings{Karp76,
  author = {R. M. Karp},
  title = {The probabilistic analysis of some combinatorial search algorithms},
  booktitle = {Algorithms and Complexity: New Directions and Recent Results},
  pages = {1--19},
  year = {1976}
}

@article{Karp85,
  author = {R. M. Karp and M. O. Rabin},
  title = {Efficient randomized pattern-matching algorithms},
  journal = {IBM J. Res. Dev.},
  volume = {31},
  number = {2},
  pages = {249--260},
  year = {1987}
}

@article{Karp87,
  author = {R. M. Karp and R. E. Tarjan},
  title = {Linear expected-time algorithms for connectivity problems},
  journal = {J. Algorithms},
  volume = {8},
  number = {3},
  pages = {374--381},
  year = {1987}
}

@article{Karp88,
  author = {R. M. Karp and E. Upfal and A. Wigderson},
  title = {Constructing a perfect matching is in random NC},
  journal = {Combinatorica},
  volume = {6},
  number = {1},
  pages = {35--48},
  year = {1986}
}

@article{Karp89,
  author = {R. M. Karp and E. Upfal and A. Wigderson},
  title = {The complexity of parallel search},
  journal = {J. Comput. Syst. Sci.},
  volume = {36},
  number = {2},
  pages = {225--253},
  year = {1988}
}

@inproceedings{Karp90,
  author = {R. M. Karp and V. Ramachandran},
  title = {Parallel algorithms for shared-memory machines},
  booktitle = {Handbook of Theoretical Computer Science},
  pages = {869--941},
  year = {1990}
}

@article{Karp92,
  author = {R. M. Karp and A. Wigderson},
  title = {A fast parallel algorithm for the maximal independent set problem},
  journal = {J. ACM},
  volume = {32},
  number = {4},
  pages = {762--773},
  year = {1985}
}

@article{Cook71,
  author = {S. A. Cook},
  title = {The complexity of theorem-proving procedures},
  journal = {Proceedings of STOC},
  pages = {151--158},
  year = {1971}
}

@article{Levin73,
  author = {L. A. Levin},
  title = {Universal sequential search problems},
  journal = {Problems of Information Transmission},
  volume = {9},
  number = {3},
  pages = {265--266},
  year = {1973}
}

@inproceedings{Karp72,
  author = {R. M. Karp},
  title = {Reducibility among combinatorial problems},
  booktitle = {Complexity of Computer Computations},
  pages = {85--103},
  year = {1972}
}

@article{Ladner75,
  author = {R. E. Ladner},
  title = {On the structure of polynomial time reducibility},
  journal = {J. ACM},
  volume = {22},
  number = {1},
  pages = {155--171},
  year = {1975}
}

@article{Stockmeyer76,
  author = {L. J. Stockmeyer},
  title = {The polynomial-time hierarchy},
  journal = {Theor. Comput. Sci.},
  volume = {3},
  number = {1},
  pages = {1--22},
  year = {1976}
}

@article{Immerman87,
  author = {N. Immerman},
  title = {Nondeterministic space is closed under complementation},
  journal = {SIAM J. Comput.},
  volume = {17},
  number = {5},
  pages = {935--938},
  year = {1987}
}

@article{Szelepcsenyi88,
  author = {R. Szelepcsenyi},
  title = {The method of forcing for nondeterministic automata},
  journal = {Bull. EATCS},
  volume = {33},
  pages = {96--100},
  year = {1988}
}

@article{Savitch70,
  author = {W. J. Savitch},
  title = {Relationships between nondeterministic and deterministic tape complexities},
  journal = {J. Comput. Syst. Sci.},
  volume = {4},
  number = {2},
  pages = {177--192},
  year = {1970}
}

@article{Hartmanis65,
  author = {J. Hartmanis and R. E. Stearns},
  title = {On the computational complexity of algorithms},
  journal = {Trans. Amer. Math. Soc.},
  volume = {117},
  pages = {285--306},
  year = {1965}
}

@inproceedings{Cobham64,
  author = {A. Cobham},
  title = {The intrinsic computational difficulty of functions},
  booktitle = {Proceedings of the 1964 International Congress for Logic, Methodology and Philosophy of Science},
  pages = {24--30},
  year = {1964}
}

@article{Edmonds65,
  author = {J. Edmonds},
  title = {Paths, trees, and flowers},
  journal = {Canad. J. Math.},
  volume = {17},
  pages = {449--467},
  year = {1965}
}

@article{Blum67,
  author = {M. Blum},
  title = {A machine-independent theory of the complexity of recursive functions},
  journal = {J. ACM},
  volume = {14},
  number = {2},
  pages = {322--336},
  year = {1967}
}

@book{Hopcroft69,
  author = {J. E. Hopcroft and J. D. Ullman},
  title = {Formal languages and their relation to automata},
  publisher = {Addison-Wesley},
  year = {1969}
}

@article{Chomsky59,
  author = {N. Chomsky},
  title = {On certain formal properties of grammars},
  journal = {Information and Control},
  volume = {2},
  number = {2},
  pages = {137--167},
  year = {1959}
}

@techreport{Myhill56,
  author = {J. Myhill},
  title = {Finite automata and the representation of events},
  institution = {WADD Technical Report},
  number = {57--624},
  year = {1956}
}

@article{Nerode58,
  author = {A. Nerode},
  title = {Linear automaton transformations},
  journal = {Proc. Amer. Math. Soc.},
  volume = {9},
  number = {4},
  pages = {541--544},
  year = {1958}
}

@article{Rabin59,
  author = {M. O. Rabin and D. Scott},
  title = {Finite automata and their decision problems},
  journal = {IBM J. Res. Dev.},
  volume = {3},
  number = {2},
  pages = {114--125},
  year = {1959}
}

@article{Shannon38,
  author = {C. E. Shannon},
  title = {A symbolic analysis of relay and switching circuits},
  journal = {Trans. AIEE},
  volume = {57},
  number = {12},
  pages = {713--723},
  year = {1938}
}

@article{Turing36,
  author = {A. M. Turing},
  title = {On computable numbers, with an application to the Entscheidungsproblem},
  journal = {Proc. London Math. Soc.},
  volume = {42},
  number = {2},
  pages = {230--265},
  year = {1936}
}

@article{Church36,
  author = {A. Church},
  title = {An unsolvable problem of elementary number theory},
  journal = {Amer. J. Math.},
  volume = {58},
  number = {2},
  pages = {345--363},
  year = {1936}
}

@article{Kleene43,
  author = {S. C. Kleene},
  title = {Recursive predicates and quantifiers},
  journal = {Trans. Amer. Math. Soc.},
  volume = {53},
  number = {1},
  pages = {41--73},
  year = {1943}
}

@article{Post44,
  author = {E. L. Post},
  title = {Recursively enumerable sets of positive integers and their decision problems},
  journal = {Bull. Amer. Math. Soc.},
  volume = {50},
  number = {5},
  pages = {284--316},
  year = {1944}
}

@article{Markov47,
  author = {A. A. Markov},
  title = {On the impossibility of certain algorithms in the theory of associative systems},
  journal = {Dokl. Akad. Nauk SSSR},
  volume = {55},
  number = {7},
  pages = {583--586},
  year = {1947}
}

@article{Shannon49,
  author = {C. E. Shannon},
  title = {The synthesis of two-terminal switching circuits},
  journal = {Bell Syst. Tech. J.},
  volume = {28},
  number = {1},
  pages = {59--98},
  year = {1949}
}

@article{McCulloch43,
  author = {W. S. McCulloch and W. Pitts},
  title = {A logical calculus of the ideas immanent in nervous activity},
  journal = {Bull. Math. Biophys.},
  volume = {5},
  number = {4},
  pages = {115--133},
  year = {1943}
}

@article{vonNeumann45,
  author = {J. von Neumann},
  title = {First draft of a report on the EDVAC},
  journal = {IEEE Annals of the History of Computing},
  volume = {15},
  number = {4},
  pages = {27--75},
  year = {1945}
}

@article{Shannon48,
  author = {C. E. Shannon},
  title = {A mathematical theory of communication},
  journal = {Bell Syst. Tech. J.},
  volume = {27},
  number = {3},
  pages = {379--423},
  year = {1948}
}

@article{Kolmogorov65,
  author = {A. N. Kolmogorov},
  title = {Three approaches to the quantitative definition of information},
  journal = {Problems of Information Transmission},
  volume = {1},
  number = {1},
  pages = {1--7},
  year = {1965}
}

@article{Chaitin66,
  author = {G. J. Chaitin},
  title = {On the length of programs for computing finite binary sequences},
  journal = {J. ACM},
  volume = {13},
  number = {4},
  pages = {547--569},
  year = {1966}
}

@article{Solomonoff64,
  author = {R. J. Solomonoff},
  title = {A formal theory of inductive inference},
  journal = {Information and Control},
  volume = {7},
  number = {1},
  pages = {1--22},
  year = {1964}
}

@article{MartinLof66,
  author = {P. Martin-L{\"o}f},
  title = {The definition of random sequences},
  journal = {Information and Control},
  volume = {9},
  number = {6},
  pages = {602--619},
  year = {1966}
}

@article{Levin84,
  author = {L. A. Levin},
  title = {Randomness conservation inequalities; information and independence in mathematical theories},
  journal = {Information and Control},
  volume = {61},
  number = {1},
  pages = {15--37},
  year = {1984}
}

@article{Schnorr71,
  author = {C. P. Schnorr},
  title = {Process complexity and effective random tests},
  journal = {J. Comput. Syst. Sci.},
  volume = {7},
  number = {4},
  pages = {376--388},
  year = {1971}
}

@book{LiVitanyi08,
  author = {M. Li and P. M. B. Vit{\'a}nyi},
  title = {An Introduction to Kolmogorov Complexity and Its Applications},
  publisher = {Springer},
  year = {2008}
}

@book{Calude02,
  author = {C. S. Calude},
  title = {Information and Randomness: An Algorithmic Perspective},
  publisher = {Springer},
  year = {2002}
}

@book{Downey10,
  author = {R. G. Downey and D. R. Hirschfeldt},
  title = {Algorithmic Randomness and Complexity},
  publisher = {Springer},
  year = {2010}
}

@book{Nies09,
  author = {A. Nies},
  title = {Computability and Randomness},
  publisher = {Oxford University Press},
  year = {2009}
}

@article{CookReckhow79,
  author = {S. A. Cook and R. A. Reckhow},
  title = {The relative efficiency of propositional proof systems},
  journal = {J. Symbolic Logic},
  volume = {44},
  number = {1},
  pages = {36--50},
  year = {1979}
}

@article{AaronsonWigderson2008,
  author = {S. Aaronson and A. Wigderson},
  title = {Algebrization: A new barrier in complexity theory},
  journal = {ACM Trans. Comput. Theory},
  volume = {1},
  number = {1},
  pages = {1--54},
  year = {2009}
}
